
@inproceedings{yen2022nerfsupervision,
  title={{NeRF-Supervision}: Learning Dense Object Descriptors from Neural Radiance Fields},
  author={Lin Yen-Chen and Pete Florence and Jonathan T. Barron and Tsung-Yi Lin and Alberto Rodriguez and Phillip Isola},
  booktitle={IEEE Conference on Robotics and Automation ({ICRA})},
  year={2022}
}

@article{florencemanuelli2018dense,
  title={Dense Object Nets: Learning Dense Visual Object Descriptors By and For Robotic Manipulation},
  author={Florence, Peter and Manuelli, Lucas and Tedrake, Russ},
  journal={Conference on Robot Learning},
  year={2018}
}

@article{nerf_w,
  author       = {Ricardo Martin{-}Brualla and
                  Noha Radwan and
                  Mehdi S. M. Sajjadi and
                  Jonathan T. Barron and
                  Alexey Dosovitskiy and
                  Daniel Duckworth},
  title        = {NeRF in the Wild: Neural Radiance Fields for Unconstrained Photo Collections},
  journal      = {CoRR},
  volume       = {abs/2008.02268},
  year         = {2020},
  url          = {https://arxiv.org/abs/2008.02268},
  eprinttype    = {arXiv},
  eprint       = {2008.02268},
  timestamp    = {Fri, 07 Aug 2020 15:07:21 +0200},
  biburl       = {https://dblp.org/rec/journals/corr/abs-2008-02268.bib},
  bibsource    = {dblp computer science bibliography, https://dblp.org}
}

@inproceedings{schoenberger2016sfm,
    author={Sch\"{o}nberger, Johannes Lutz and Frahm, Jan-Michael},
    title={Structure-from-Motion Revisited},
    booktitle={Conference on Computer Vision and Pattern Recognition (CVPR)},
    year={2016},
}

@article{understanding-Nerfs,
    title={Understanding NeRFs},
    url = {https://cameronrwolfe.substack.com/p/understanding-nerfs}
}

@article{kirillov2023segment,
  title={Segment Anything},
  author={Kirillov, Alexander and Mintun, Eric and Ravi, Nikhila and Mao, Hanzi and Rolland, Chloe and Gustafson, Laura and Xiao, Tete and Whitehead, Spencer and Berg, Alexander C and Lo, Wan-Yen and others},
  journal={arXiv preprint arXiv:2304.02643},
  year={2023}
}

@misc{tancik2020fourier,
      title={Fourier Features Let Networks Learn High Frequency Functions in Low Dimensional Domains}, 
      author={Matthew Tancik and Pratul P. Srinivasan and Ben Mildenhall and Sara Fridovich-Keil and Nithin Raghavan and Utkarsh Singhal and Ravi Ramamoorthi and Jonathan T. Barron and Ren Ng},
      year={2020},
      eprint={2006.10739},
      archivePrefix={arXiv},
      primaryClass={cs.CV}
}

@misc{deng2022depthsupervised,
      title={Depth-supervised NeRF: Fewer Views and Faster Training for Free}, 
      author={Kangle Deng and Andrew Liu and Jun-Yan Zhu and Deva Ramanan},
      year={2022},
      eprint={2107.02791},
      archivePrefix={arXiv},
      primaryClass={cs.CV}
}